
\begin{comment}
@book{Ribes,
  author = {Luis Ribes and Pavel Zalesskii},
  year = {2000},
  title = {Profinite Groups},
  edition = {2},
  address = {Berlim},
  publisher = {Springer}
}%Existem outras possíveis opções de dados.

@article{Zapirain,
  title={On the verbal width of finitely generated pro-$p$ groups},
  author={Andrei Jaikin-Zapirain},
  journal={Revista Matemática Iberoamericana},
  volume={24},
  number={2},
  pages={617 - 630},
  year={2008},
  address = {Espanha}
}


@book{ruggiero1998calculo,
  title={C{\'a}lculo num{\'e}rico: aspectos te{\'o}ricos e computacionais},
  author={Ruggiero, M{\'a}rcia Aparecida Gomes and da Rocha Lopes, Vera L{\'u}cia},
  year={1998},
  publisher={Pearson/Makron},
  address = {Sao Paulo}
}